<?xml version="1.0" encoding="UTF-8"?>
<record>
  <leader>01389nam a2200349 c 4500</leader>
  <controlfield tag="003">DE-605</controlfield>
  <controlfield tag="005">20251022114550.0</controlfield>
  <controlfield tag="007">cr#|||||||||||</controlfield>
  <controlfield tag="008">070307|2006    gw      om |        ger c</controlfield>
  <controlfield tag="001">990156014770206441</controlfield>
  <datafield tag="024" ind1="7" ind2=" ">
    <subfield code="a">urn:nbn:de:hbz:929:02-edoweb:17507853</subfield>
    <subfield code="2">urn</subfield>
  </datafield>
  <datafield tag="035" ind1=" " ind2=" ">
    <subfield code="a">(DE-605)HT015010090</subfield>
  </datafield>
  <datafield tag="040" ind1=" " ind2=" ">
    <subfield code="a">929</subfield>
    <subfield code="b">ger</subfield>
    <subfield code="c">DE-605</subfield>
    <subfield code="d">DE-605</subfield>
    <subfield code="e">rakwb</subfield>
  </datafield>
  <datafield tag="041" ind1=" " ind2=" ">
    <subfield code="a">ger</subfield>
  </datafield>
  <datafield tag="044" ind1=" " ind2=" ">
    <subfield code="c">XA-DE</subfield>
  </datafield>
  <datafield tag="082" ind1="0" ind2=" ">
    <subfield code="a">630</subfield>
  </datafield>
  <datafield tag="084" ind1=" " ind2=" ">
    <subfield code="a">680</subfield>
    <subfield code="2">rpb</subfield>
  </datafield>
  <datafield tag="245" ind1="0" ind2="0">
    <subfield code="a">Weißweinstudie</subfield>
    <subfield code="h">Elektronische Ressource</subfield>
    <subfield code="b">Repräsentative Verbraucheruntersuchung ; Zielgruppen und Präferenzen</subfield>
    <subfield code="c">Hrsg.: Ministerium für Wirtschaft, Verkehr, Landwirtschaft und Weinbau Rheinland-Pfalz ; Red.: Dirk Haupt</subfield>
  </datafield>
  <datafield tag="264" ind1=" " ind2="1">
    <subfield code="a">[Mainz]</subfield>
    <subfield code="c">[2006]</subfield>
  </datafield>
  <datafield tag="300" ind1=" " ind2=" ">
    <subfield code="a">122 S. : Ill., graph. Darst.</subfield>
  </datafield>
  <datafield tag="340" ind1=" " ind2=" ">
    <subfield code="a">Archivierte Online-Ressource</subfield>
    <subfield code="9">F:652a</subfield>
  </datafield>
  <datafield tag="688" ind1=" " ind2=" ">
    <subfield code="a">Weinmarketing, Umfrage, Konsumverhalten</subfield>
  </datafield>
  <datafield tag="035" ind1=" " ind2=" ">
    <subfield code="a">(DE-599)HBZHT015010090</subfield>
  </datafield>
  <datafield tag="960" ind1="1" ind2=" ">
    <subfield code="r">edoweb</subfield>
  </datafield>
  <datafield tag="960" ind1="1" ind2=" ">
    <subfield code="r">bibliovino</subfield>
  </datafield>
  <datafield tag="964" ind1="0" ind2="s">
    <subfield code="F">030</subfield>
    <subfield code="A">a|1uc||||||37</subfield>
  </datafield>
  <datafield tag="964" ind1="0" ind2="s">
    <subfield code="F">050</subfield>
    <subfield code="A">||||||||g|||||</subfield>
  </datafield>
  <datafield tag="964" ind1="0" ind2="s">
    <subfield code="F">051</subfield>
    <subfield code="A">my|||||||||||||</subfield>
  </datafield>
  <datafield tag="856" ind1="4" ind2=" ">
    <subfield code="x">kostenfrei; Langzeitarchivierung</subfield>
  </datafield>
  <datafield tag="856" ind1="4" ind2="0">
    <subfield code="u">https://www.edoweb-rlp.de/resource/edoweb:1750785</subfield>
    <subfield code="3">Volltext</subfield>
    <subfield code="x">Archivierte Online-Ressource</subfield>
  </datafield>
  <datafield tag="700" ind1="1" ind2=" ">
    <subfield code="a">Haupt, Dirk</subfield>
    <subfield code="d">1965-</subfield>
    <subfield code="0">(DE-588)120839865</subfield>
    <subfield code="4">oth</subfield>
    <subfield code="0">https://d-nb.info/gnd/120839865</subfield>
    <subfield code="0">http://viaf.org/viaf/52530426</subfield>
    <subfield code="B">GND-120839865</subfield>
  </datafield>
  <datafield tag="710" ind1="2" ind2=" ">
    <subfield code="a">Rheinland-Pfalz</subfield>
    <subfield code="b">Ministerium für Wirtschaft, Verkehr, Landwirtschaft und Weinbau</subfield>
    <subfield code="0">(DE-588)5123626-6</subfield>
    <subfield code="4">oth</subfield>
    <subfield code="0">https://d-nb.info/gnd/94400878X</subfield>
    <subfield code="0">http://viaf.org/viaf/126313126</subfield>
    <subfield code="B">GND-94400878X</subfield>
  </datafield>
  <datafield tag="MBD" ind1=" " ind2=" ">
    <subfield code="M">49HBZ_NETWORK</subfield>
    <subfield code="i">990156014770206441</subfield>
    <subfield code="n">HBZ Network</subfield>
  </datafield>
  <datafield tag="MNG" ind1=" " ind2=" ">
    <subfield code="c">System</subfield>
    <subfield code="f">OTHER</subfield>
    <subfield code="i">marc21</subfield>
    <subfield code="l">68</subfield>
    <subfield code="k">01</subfield>
    <subfield code="e">false</subfield>
    <subfield code="d">2025-10-25 23:03:11 Europe/Berlin</subfield>
    <subfield code="g">015601477-HBZ01</subfield>
    <subfield code="j">60</subfield>
    <subfield code="a">import</subfield>
    <subfield code="b">2021-04-05 13:19:07 Europe/Berlin</subfield>
  </datafield>
  <datafield tag="POR" ind1=" " ind2=" ">
    <subfield code="j">Publikationssysteme-edo</subfield>
    <subfield code="x">System</subfield>
    <subfield code="a">53926826190006441</subfield>
    <subfield code="M">49HBZ_NETWORK</subfield>
    <subfield code="p">61924887510006441</subfield>
    <subfield code="q">edoweb non-ZDB</subfield>
    <subfield code="c">static</subfield>
    <subfield code="A">49HBZ_LBZ</subfield>
    <subfield code="y">2025-06-30 12:44:01 Europe/Berlin</subfield>
    <subfield code="w">2025-06-30 12:43:56 Europe/Berlin</subfield>
    <subfield code="D">https://eu04.alma.exlibrisgroup.com/view/uresolver/49HBZ_NETWORK/openurl?u.ignore_date_coverage=true&amp;portfolio_pid=53926826190006441&amp;Force_direct=true</subfield>
    <subfield code="v">System</subfield>
    <subfield code="z">2025-06-30 10:43:56</subfield>
    <subfield code="i">false</subfield>
    <subfield code="S">62924887500006441</subfield>
    <subfield code="d">https://hbz-network.userservices.exlibrisgroup.com/view/uresolver/49HBZ_NETWORK/openurl?u.ignore_date_coverage=true&amp;rft.mms_id=990156014770206441</subfield>
    <subfield code="b">Available</subfield>
    <subfield code="f">DOCUMENT</subfield>
    <subfield code="e">https://www.edoweb-rlp.de/resource/edoweb:1750785</subfield>
    <subfield code="8">53926826190006441</subfield>
  </datafield>
  <datafield tag="GSI" ind1="7" ind2=" ">
    <subfield code="a">http://d-nb.info/gnd/120839865</subfield>
    <subfield code="2">uri</subfield>
    <subfield code="A">GND</subfield>
    <subfield code="B">GND-120839865</subfield>
    <subfield code="C">024</subfield>
  </datafield>
  <datafield tag="GKT" ind1="1" ind2=" ">
    <subfield code="a">Rheinland-Pfalz</subfield>
    <subfield code="b">Minister für Wirtschaft, Verkehr, Landwirtschaft und Weinbau</subfield>
    <subfield code="A">GND</subfield>
    <subfield code="B">GND-94400878X</subfield>
    <subfield code="C">410</subfield>
  </datafield>
  <datafield tag="GKT" ind1="1" ind2=" ">
    <subfield code="a">Rheinland-Pfalz</subfield>
    <subfield code="b">Ministry of Economics, Transportation, Agriculture and Viniculture</subfield>
    <subfield code="A">GND</subfield>
    <subfield code="B">GND-94400878X</subfield>
    <subfield code="C">410</subfield>
  </datafield>
  <datafield tag="GKT" ind1="1" ind2=" ">
    <subfield code="a">Rheinland-Pfalz</subfield>
    <subfield code="b">Minister for Economic Affairs, Transportation, Agriculture and Viniculture</subfield>
    <subfield code="A">GND</subfield>
    <subfield code="B">GND-94400878X</subfield>
    <subfield code="C">410</subfield>
  </datafield>
  <datafield tag="GKT" ind1="2" ind2=" ">
    <subfield code="a">Ministerium für Wirtschaft, Verkehr, Landwirtschaft und Weinbau</subfield>
    <subfield code="g">Rheinland-Pfalz</subfield>
    <subfield code="A">GND</subfield>
    <subfield code="B">GND-94400878X</subfield>
    <subfield code="C">410</subfield>
  </datafield>
  <datafield tag="GKT" ind1="2" ind2=" ">
    <subfield code="a">Ministerium für Wirtschaft, Verkehr, Landwirtschaft und Weinbau Rheinland-Pfalz</subfield>
    <subfield code="A">GND</subfield>
    <subfield code="B">GND-94400878X</subfield>
    <subfield code="C">410</subfield>
  </datafield>
  <datafield tag="GKT" ind1="2" ind2=" ">
    <subfield code="a">Minister für Wirtschaft, Verkehr, Landwirtschaft und Weinbau</subfield>
    <subfield code="g">Rheinland-Pfalz</subfield>
    <subfield code="A">GND</subfield>
    <subfield code="B">GND-94400878X</subfield>
    <subfield code="C">410</subfield>
  </datafield>
  <datafield tag="GKT" ind1="2" ind2=" ">
    <subfield code="a">Minister for Economic Affairs, Transportation, Agriculture and Viniculture</subfield>
    <subfield code="g">Rheinland-Pfalz</subfield>
    <subfield code="A">GND</subfield>
    <subfield code="B">GND-94400878X</subfield>
    <subfield code="C">410</subfield>
  </datafield>
  <datafield tag="GKT" ind1="2" ind2=" ">
    <subfield code="a">Ministry of Economics, Transportation, Agriculture and Viniculture</subfield>
    <subfield code="g">Rheinland-Pfalz</subfield>
    <subfield code="A">GND</subfield>
    <subfield code="B">GND-94400878X</subfield>
    <subfield code="C">410</subfield>
  </datafield>
  <datafield tag="GKT" ind1="2" ind2=" ">
    <subfield code="a">Ministry of Economics Affairs, Transport, Agriculture and Viniculture</subfield>
    <subfield code="g">Rheinland-Pfalz</subfield>
    <subfield code="A">GND</subfield>
    <subfield code="B">GND-94400878X</subfield>
    <subfield code="C">410</subfield>
  </datafield>
  <datafield tag="GKT" ind1="2" ind2=" ">
    <subfield code="a">MWVLW</subfield>
    <subfield code="4">abku</subfield>
    <subfield code="4">https://d-nb.info/standards/elementset/gnd#abbreviatedNameForTheCorporateBody</subfield>
    <subfield code="w">r</subfield>
    <subfield code="i">Abkuerzung</subfield>
    <subfield code="e">Abkuerzung</subfield>
    <subfield code="A">GND</subfield>
    <subfield code="B">GND-94400878X</subfield>
    <subfield code="C">410</subfield>
  </datafield>
  <datafield tag="GKT" ind1="2" ind2=" ">
    <subfield code="a">MWVLW-RLP</subfield>
    <subfield code="4">abku</subfield>
    <subfield code="4">https://d-nb.info/standards/elementset/gnd#abbreviatedNameForTheCorporateBody</subfield>
    <subfield code="w">r</subfield>
    <subfield code="i">Abkuerzung</subfield>
    <subfield code="e">Abkuerzung</subfield>
    <subfield code="A">GND</subfield>
    <subfield code="B">GND-94400878X</subfield>
    <subfield code="C">410</subfield>
  </datafield>
  <datafield tag="GKT" ind1="1" ind2=" ">
    <subfield code="a">Rheinland-Pfalz</subfield>
    <subfield code="b">Ministerium für Wirtschaft, Verkehr, Landwirtschaft und Weinbau</subfield>
    <subfield code="b">Landeskulturverwaltung</subfield>
    <subfield code="4">spio</subfield>
    <subfield code="4">https://d-nb.info/standards/elementset/gnd#variantName</subfield>
    <subfield code="w">r</subfield>
    <subfield code="i">Spitzenorgan</subfield>
    <subfield code="e">Spitzenorgan</subfield>
    <subfield code="A">GND</subfield>
    <subfield code="B">GND-94400878X</subfield>
    <subfield code="C">410</subfield>
  </datafield>
  <datafield tag="GKT" ind1="1" ind2=" ">
    <subfield code="a">Rheinland-Pfalz</subfield>
    <subfield code="b">Ministerium für Wirtschaft, Verkehr, Landwirtschaft und Weinbau</subfield>
    <subfield code="b">Abteilung Verkehr und Straßenbau</subfield>
    <subfield code="4">spio</subfield>
    <subfield code="4">https://d-nb.info/standards/elementset/gnd#variantName</subfield>
    <subfield code="w">r</subfield>
    <subfield code="i">Spitzenorgan</subfield>
    <subfield code="e">Spitzenorgan</subfield>
    <subfield code="A">GND</subfield>
    <subfield code="B">GND-94400878X</subfield>
    <subfield code="C">410</subfield>
  </datafield>
  <datafield tag="GKT" ind1="1" ind2=" ">
    <subfield code="a">Rheinland-Pfalz</subfield>
    <subfield code="b">Ministerium für Wirtschaft, Verkehr, Landwirtschaft und Weinbau</subfield>
    <subfield code="b">Referat Regionale und Sektorale Strukturpolitik</subfield>
    <subfield code="4">spio</subfield>
    <subfield code="4">https://d-nb.info/standards/elementset/gnd#variantName</subfield>
    <subfield code="w">r</subfield>
    <subfield code="i">Spitzenorgan</subfield>
    <subfield code="e">Spitzenorgan</subfield>
    <subfield code="A">GND</subfield>
    <subfield code="B">GND-94400878X</subfield>
    <subfield code="C">410</subfield>
  </datafield>
  <datafield tag="GKT" ind1="1" ind2=" ">
    <subfield code="a">Rheinland-Pfalz</subfield>
    <subfield code="b">Ministerium für Wirtschaft, Verkehr, Landwirtschaft und Weinbau</subfield>
    <subfield code="b">Arbeitsgruppe Tiergerechte Pferdehaltung</subfield>
    <subfield code="4">spio</subfield>
    <subfield code="4">https://d-nb.info/standards/elementset/gnd#variantName</subfield>
    <subfield code="w">r</subfield>
    <subfield code="i">Spitzenorgan</subfield>
    <subfield code="e">Spitzenorgan</subfield>
    <subfield code="A">GND</subfield>
    <subfield code="B">GND-94400878X</subfield>
    <subfield code="C">410</subfield>
  </datafield>
  <datafield tag="GSI" ind1="7" ind2=" ">
    <subfield code="a">5123626-6</subfield>
    <subfield code="0">http://d-nb.info/gnd/5123626-6</subfield>
    <subfield code="2">gnd</subfield>
    <subfield code="A">GND</subfield>
    <subfield code="B">GND-94400878X</subfield>
    <subfield code="C">024</subfield>
  </datafield>
</record>
